@article{Pal2020,
  doi = {10.21105/jcon.00037},
  url = {https://doi.org/10.21105/jcon.00037},
  year = {2020},
  publisher = {The Open Journal},
  volume = {1},
  number = {1},
  pages = {37},
  author = {Avik Pal},
  title = {RayTracer.jl: A Differentiable Renderer that supports Parameter Optimization for Scene Reconstruction},
  journal = {Proceedings of the JuliaCon Conferences}
}
