@article{bezanson2017julia,
  title={Julia: A fresh approach to numerical computing},
  author={Bezanson, Jeff and Edelman, Alan and Karpinski, Stefan and Shah, Viral B},
  journal={SIAM review},
  volume={59},
  doi={10.1137/141000671},
  number={1},
  pages={65--98},
  year={2017},
  publisher={SIAM}
}

@article{Li:2018:DMC,
    title = {Differentiable {M}onte {C}arlo {R}ay {T}racing through {E}dge {S}ampling},
    author = {Li, Tzu-Mao and Aittala, Miika and Durand, Fr{\'e}do and Lehtinen, Jaakko},
    journal = {ACM Trans. Graph. (Proc. SIGGRAPH Asia)},
    volume = {37},
    number = {6},
    pages = {222:1--222:11},
    doi = {10.1145/3272127.3275109},
    year = {2018}
}

@article{kingma2014adam,
    author = {Kingma, Diederik and Ba, Jimmy},
    year = {2014},
    month = {12},
    pages = {},
    title = {Adam: {A} {M}ethod for {S}tochastic {O}ptimization},
    journal = {International Conference on Learning Representations}
}

@misc{RayTracer.jl,
  author = {Avik Pal},
  title = {Ray{T}racer.jl},
  year = {2019},
  publisher = {GitHub},
  journal = {GitHub repository},
  howpublished = {\url{https://github.com/avik-pal/RayTracer.jl}},
  commit = {356864bb643b81090021b9f388fdf12faf8ab244}
}

@misc{jax,
  title = {{JAX}: {A}utograd and {XLA}},
  author = {Matt Johnson and
            Roy Frostig and
            Dougal Maclaurin and
            Chris Leary},
  year = {2018},
  howpublished = {\url{https://github.com/google/jax}},
}

@article{Flux.jl-2018,
  author    = {Michael Innes and
               Elliot Saba and
               Keno Fischer and
               Dhairya Gandhi and
               Marco Concetto Rudilosso and
               Neethu Mariya Joy and
               Tejan Karmali and
               Avik Pal and
               Viral Shah},
  title     = {Fashionable {M}odelling with {F}lux},
  journal   = {CoRR},
  volume    = {abs/1811.01457},
  year      = {2018},
  url       = {http://arxiv.org/abs/1811.01457},
  archivePrefix = {arXiv},
  eprint    = {1811.01457},
  timestamp = {Thu, 22 Nov 2018 17:58:30 +0100},
  biburl    = {https://dblp.org/rec/bib/journals/corr/abs-1811-01457},
  bibsource = {dblp computer science bibliography, https://dblp.org}
}

@inproceedings{Kay:1986:RTC:15922.15916,
 author = {Kay, Timothy L. and Kajiya, James T.},
 title = {Ray {T}racing {C}omplex {S}cenes},
 booktitle = {Proceedings of the 13th Annual Conference on Computer Graphics and Interactive Techniques},
 series = {SIGGRAPH '86},
 year = {1986},
 isbn = {0-89791-196-2},
 pages = {269--278},
 numpages = {10},
 url = {http://doi.acm.org/10.1145/15922.15916},
 doi = {10.1145/15922.15916},
 acmid = {15916},
 publisher = {ACM},
 address = {New York, NY, USA},
}

@article{DBLP:journals/corr/abs-1810-07951,
  author    = {Michael Innes},
  title     = {Don't {U}nroll {A}djoint: {D}ifferentiating {SSA-F}orm {P}rograms},
  journal   = {CoRR},
  volume    = {abs/1810.07951},
  year      = {2018},
  url       = {http://arxiv.org/abs/1810.07951},
  archivePrefix = {arXiv},
  eprint    = {1810.07951},
  timestamp = {Tue, 30 Oct 2018 20:39:56 +0100},
  biburl    = {https://dblp.org/rec/bib/journals/corr/abs-1810-07951},
  bibsource = {dblp computer science bibliography, https://dblp.org}
}

@article{softraster,
  author    = {Shichen Liu and
               Tianye Li and
               Weikai Chen and
               Hao Li},
  title     = {Soft Rasterizer: {A} Differentiable Renderer for Image-based 3D Reasoning},
  journal   = {CoRR},
  volume    = {abs/1904.01786},
  year      = {2019},
  url       = {http://arxiv.org/abs/1904.01786},
  archivePrefix = {arXiv},
  eprint    = {1904.01786},
  timestamp = {Wed, 24 Apr 2019 12:21:25 +0200},
  biburl    = {https://dblp.org/rec/bib/journals/corr/abs-1904-01786},
  bibsource = {dblp computer science bibliography, https://dblp.org}
}

@article{retinaface,
  author    = {Jiankang Deng and
               Jia Guo and
               Yuxiang Zhou and
               Jinke Yu and
               Irene Kotsia and
               Stefanos Zafeiriou},
  title     = {RetinaFace: Single-stage Dense Face Localisation in the Wild},
  journal   = {CoRR},
  volume    = {abs/1905.00641},
  year      = {2019},
  url       = {http://arxiv.org/abs/1905.00641},
  archivePrefix = {arXiv},
  eprint    = {1905.00641},
  timestamp = {Mon, 27 May 2019 13:15:00 +0200},
  biburl    = {https://dblp.org/rec/bib/journals/corr/abs-1905-00641},
  bibsource = {dblp computer science bibliography, https://dblp.org}
}

@article{casadi,
  Author = {Joel A E Andersson and Joris Gillis and Greg Horn
            and James B Rawlings and Moritz Diehl},
  Title = {{CasADi} -- {A} software framework for nonlinear optimization
           and optimal control},
  Journal = {Mathematical Programming Computation},
  doi = {10.1007/s12532-018-0139-4},
  Year = {In Press, 2018},
}

@inproceedings{Appel:1968:TSM:1468075.1468082,
 author = {Appel, Arthur},
 title = {{Some Techniques for Shading Machine Renderings of Solids}},
 booktitle = {Proceedings of the April 30--May 2, 1968, Spring Joint Computer Conference},
 series = {AFIPS '68 (Spring)},
 year = {1968},
 location = {Atlantic City, New Jersey},
 pages = {37--45},
 numpages = {9},
 url = {http://doi.acm.org/10.1145/1468075.1468082},
 doi = {10.1145/1468075.1468082},
 acmid = {1468082},
 publisher = {ACM},
 address = {New York, NY, USA},
} 

@inproceedings{Pineda:1988:PAP:54852.378457,
 author = {Pineda, Juan},
 title = {{A Parallel Algorithm for Polygon Rasterization}},
 booktitle = {Proceedings of the 15th Annual Conference on Computer Graphics and Interactive Techniques},
 series = {SIGGRAPH '88},
 year = {1988},
 isbn = {0-89791-275-6},
 pages = {17--20},
 numpages = {4},
 url = {http://doi.acm.org/10.1145/54852.378457},
 doi = {10.1145/54852.378457},
 acmid = {378457},
 publisher = {ACM},
 address = {New York, NY, USA},
 keywords = {linear edge function, parallel processing, polygon rasterization, sub-pixel vertices},
}

@article{K2018Optim,
  journal = {Journal of Open Source Software},
  doi = {10.21105/joss.00615},
  issn = {2475-9066},
  number = {24},
  publisher = {The Open Journal},
  title = {Optim: A mathematical optimization package for Julia},
  url = {http://dx.doi.org/10.21105/joss.00615},
  volume = {3},
  author = {K Mogensen, Patrick and N Riseth, Asbj√∏rn},
  pages = {615},
  date = {2018-04-04},
  year = {2018},
  month = {4},
  day = {4},
}
